% Encoding: UTF-8

@Online{SCZYRBA2020,
  author  = {SCZYRBA, Dominic and POHLE, Colin and HILLE, Willy},
  date    = {2020},
  title   = {LaTeX Vorlage Staatliche Studienakademie Glauchau},
  url     = {https://github.com/DSczyrba/Vorlage-Latex},
  urldate = {2020-07-15},
}

@Online{HILLE2021,
  author  = {Willy HILLE},
  date    = {2021},
  title   = {A docker container for building LaTeX documents},
  url     = {https://github.com/jemand771/latex-build/pkgs/container/latex-build},
  urldate = {2021-08-17},
  }

@Online{LAMPORT,
  author  = {Leslie LAMPORT},
  title   = {The LaTeX Project},
  url     = {https://www.latex-project.org/},
  urldate = {2020-07-15},
}

@Online{HAWA,
  author   = {STAATLICHE-STUDIENAKADEMIE-GLAUCHAU},
  title    = {Hinweise zur Anfertigung wissenschaftlicher Arbeiten},
  url      = {https://www.ba-glauchau.de/fileadmin/glauchau/waehrend-des-studium/dokumente/pruefungen/4BA-F.207_Hinweise_zur_Anfertigung_wissenschaftlicher_Arbeiten.pdf},
  urldate  = {2020-06-12},
  keywords = {HAWA, arbeiten, vorlage, latex},
}

@Book{Markus2020,
  author    = {KOHM, Markus},
  date      = {2020-02-07},
  title     = {KOMA-Script},
  edition   = {7. überarbeitete und erweiterte Auflage},
  isbn      = {3965430971},
  location  = {Köln},
  publisher = {Lehmanns Media GmbH},
  url       = {https://www.ebook.de/de/product/38407462/markus_kohm_koma_script.html},
  ean       = {9783965430976},
  year      = {2020},
}

@Comment{jabref-meta: databaseType:biblatex;}
